@article{sample2021,
  author = {John Doe},
  title = {Sample Article},
  journal = {Sample Journal},
  year = {2021},
  volume = {10},
  number = {2},
  pages = {123-456},
  publisher = {Sample Publisher},
}

@book{samplebook2022,
  author = {Jane Smith},
  title = {Sample Book},
  year = {2022},
  publisher = {Sample Publisher},
}
